<record xmlns="http://www.loc.gov/MARC21/slim" xmlns:xsi="http://www.w3.org/2001/XMLSchema-instance" xsi:schemaLocation="http://www.loc.gov/MARC21/slim http://www.loc.gov/standards/marcxml/schema/MARC21slim.xsd"><leader>02370nam a2200373   4500</leader><controlfield tag="001">3088638</controlfield><controlfield tag="003">NNC</controlfield><controlfield tag="006">m        d        </controlfield><controlfield tag="007">cr cn |||m|||a</controlfield><controlfield tag="008">150110s1940    ua      o     000 0 ara d</controlfield><datafield ind1=" " ind2=" " tag="040"><subfield code="a">NNU</subfield><subfield code="b">eng</subfield><subfield code="e">rda</subfield><subfield code="c">NNU</subfield></datafield><datafield ind1="1" ind2=" " tag="100"><subfield code="6">880-01</subfield><subfield code="a">Qushayri&#772;, &#699;Abd al-Kari&#772;m ibn Hawa&#772;zin,</subfield><subfield code="d">986-1072.</subfield></datafield><datafield ind1="1" ind2="3" tag="245"><subfield code="6">880-02</subfield><subfield code="a">al-Risa&#772;lah al-Qushayriyah /</subfield><subfield code="c">ta&#700;li&#772;f Abi&#772; al-Qa&#772;sim &#699;Abd al-Kari&#772;m ibn Hawa&#772;zin ibn &#699;Abd al-Malik ibn T&#803;alh&#803;ah al-Qushayri&#772; ; wa-bi-al-ha&#772;mish muntakhaba&#772;t min sharh&#803; Abi&#772; Yah&#803;ya&#769; Zakri&#772;yah al-Ans&#803;a&#772;ri&#772;.</subfield></datafield><datafield ind1=" " ind2=" " tag="250"><subfield code="6">880-03</subfield><subfield code="a">al-T&#803;ab&#699;ah 1.</subfield></datafield><datafield ind1=" " ind2=" " tag="260"><subfield code="6">880-04</subfield><subfield code="a">[Mis&#803;r] :</subfield><subfield code="b">Mat&#803;b&#699;at Mus&#803;t&#803;afa&#769; al-Ba&#772;bi&#772; al-Halabi&#772;,</subfield><subfield code="c">1940.</subfield></datafield><datafield ind1=" " ind2=" " tag="300"><subfield code="a">online resource (208 pages)</subfield></datafield><datafield ind1=" " ind2=" " tag="336"><subfield code="a">text</subfield><subfield code="2">rdacontent</subfield></datafield><datafield ind1=" " ind2=" " tag="337"><subfield code="a">computer</subfield><subfield code="2">rdamedia</subfield></datafield><datafield ind1=" " ind2=" " tag="338"><subfield code="a">online resource</subfield><subfield code="2">rdacarrier</subfield></datafield><datafield ind1=" " ind2=" " tag="500"><subfield code="a">Part of the Arabic Collections Online (ACO) project, contributed by Columbia University Libraries.</subfield></datafield><datafield ind1=" " ind2=" " tag="533"><subfield code="a">Electronic reproduction.</subfield><subfield code="b">New York, N.Y. :</subfield><subfield code="c">New York University,</subfield><subfield code="d">2015.</subfield><subfield code="5">NNU</subfield></datafield><datafield ind1="1" ind2="0" tag="600"><subfield code="a">Ans&#803;a&#772;ri&#772;, Zakari&#772;ya&#772; ibn Muh&#803;ammad,</subfield><subfield code="d">approximately 1423-approximately 1520.</subfield></datafield><datafield ind1="1" ind2="2" tag="700"><subfield code="6">880-05</subfield><subfield code="a">Ans&#803;a&#772;ri&#772;, Zakari&#772;ya&#772; ibn Muh&#803;ammad,</subfield><subfield code="d"> approximately 1423-approximately 1520.</subfield><subfield code="t">sharh Risa&#772;lah al-Qushayriyah . </subfield></datafield><datafield ind1="2" ind2=" " tag="710"><subfield code="a">Columbia University.</subfield><subfield code="b">Libraries.</subfield></datafield><datafield ind1="0" ind2=" " tag="730"><subfield code="a">Arabic Collections Online.</subfield></datafield><datafield ind1="0" ind2="8" tag="776"><subfield code="i">Print version:</subfield><subfield code="a">Qushayri&#772;, &#699;Abd al-Kari&#772;m ibn Hawa&#772;zin, 986-1072.</subfield><subfield code="t">al-Risa&#772;lah al-Qushayriyah</subfield><subfield code="w">(NNC)3088638</subfield><subfield code="w">(OCoLC)33924576</subfield></datafield><datafield ind1="4" ind2="0" tag="856"><subfield code="u">http://hdl.handle.net/2333.1/mgqnkc61</subfield></datafield><datafield ind1="1" ind2=" " tag="880"><subfield code="6">100-01/r</subfield><subfield code="a">&#1602;&#1588;&#1610;&#1585;&#1610;&#1548; &#1593;&#1576;&#1583; &#1575;&#1604;&#1603;&#1585;&#1610;&#1605; &#1576;&#1606; &#1607;&#1608;&#1575;&#1586;&#1606;&#1548;</subfield><subfield code="d">986-1072.</subfield></datafield><datafield ind1="1" ind2="2" tag="880"><subfield code="6">245-02/r</subfield><subfield code="a">&#1575;&#1604;&#1585;&#1587;&#1575;&#1604;&#1577; &#1575;&#1604;&#1602;&#1588;&#1610;&#1585;&#1610;&#1577; /</subfield><subfield code="c">&#1578;&#1571;&#1604;&#1610;&#1601; &#1571;&#1576;&#1610; &#1575;&#1604;&#1602;&#1575;&#1587;&#1605; &#1593;&#1576;&#1583; &#1575;&#1604;&#1603;&#1585;&#1610;&#1605; &#1575;&#1576;&#1606; &#1607;&#1608;&#1575;&#1586;&#1606; &#1576;&#1606; &#1593;&#1576;&#1583; &#1575;&#1604;&#1605;&#1604;&#1603; &#1576;&#1606; &#1591;&#1604;&#1581;&#1577; &#1575;&#1604;&#1602;&#1588;&#1610;&#1585;&#1610; &#1575;&#1604;&#1606;&#1610;&#1587;&#1575;&#1576;&#1608;&#1585;&#1610; &#1575;&#1604;&#1588;&#1575;&#1601;&#1593;&#1610;. &#1608;&#1576;&#1575;&#1604;&#1607;&#1575;&#1605;&#1588; &#1605;&#1606;&#1578;&#1582;&#1576;&#1575;&#1578; &#1605;&#1606; &#1588;&#1585;&#1581; &#1571;&#1576;&#1610; &#1610;&#1581;&#1610;&#1609; &#1586;&#1603;&#1610;&#1575; &#1575;&#1604;&#1571;&#1606;&#1589;&#1575;&#1585;&#1610; &#1575;&#1604;&#1588;&#1575;&#1601;&#1593;&#1610;.</subfield></datafield><datafield ind1=" " ind2=" " tag="880"><subfield code="6">250-03/r</subfield><subfield code="a">&#1575;&#1604;&#1591;&#1576;&#1593;&#1577; &#1633;.</subfield></datafield><datafield ind1=" " ind2=" " tag="880"><subfield code="6">260-04/r</subfield><subfield code="a">[&#1605;&#1589;&#1585;] :</subfield><subfield code="b">&#1605;&#1591;&#1576;&#1593;&#1577; &#1605;&#1589;&#1591;&#1601;&#1609; &#1575;&#1604;&#1576;&#1575;&#1576;&#1610; &#1575;&#1604;&#1581;&#1604;&#1576;&#1610;&#1548;</subfield><subfield code="c">&#1633;&#1641;&#1636;&#1632;.</subfield></datafield><datafield ind1="1" ind2="2" tag="880"><subfield code="6">700-05/r</subfield><subfield code="a">&#1575;&#1606;&#1589;&#1575;&#1585;&#1610;&#1548; &#1586;&#1603;&#1585;&#1610;&#1575; &#1576;&#1606; &#1605;&#1581;&#1605;&#1583;&#1548;</subfield><subfield code="d">approximately 1423-approximately 1520.</subfield><subfield code="t">&#1588;&#1585;&#1581; &#1585;&#1587;&#1575;&#1604;&#1577; &#1575;&#1604;&#1602;&#1588;&#1610;&#1585;&#1610;&#1577; . </subfield></datafield><datafield ind1=" " ind2=" " tag="959"><subfield code="a">NNU</subfield><subfield code="b">WEB</subfield><subfield code="c">GENI</subfield><subfield code="t">0</subfield><subfield code="m">Electronic access</subfield><subfield code="s">01</subfield></datafield><datafield ind1=" " ind2=" " tag="999"><subfield code="i">NNC_3088638</subfield><subfield code="o">(OCoLC)33924576</subfield></datafield></record>